

@article{Schroda2015,
      author         = "Schroda, M. and Hemme, D. and Mühlhaus, T.",
      title          = "{The \emph{Chlamydomonas} heat stress response}",
      journal        = "The Plant J.",
      volume         = "82",
      pages          = "466-480",
      doi            = "10.1111/tpj.12816",
      year           = "2015",
}

@article{Schmollinger2013,
      author         = "Schmollinger, S. and Schulz-Raffelt, M. and Strenkert, D. and Veyel, D. and Vallon, O. and Schroda, M.",
      title          = "{Dissecting the heat stress response in \emph{Chlamydomonas} by pharmaceutical and RNAi approaches reveals conserved and novel aspects}",
      journal        = "Molecular Plant",
      volume         = "6(6)",
      pages          = "1795-1813",
      doi            = "10.1093/mp/sst086",
      year           = "2013",
}

@article{Muehlhaus2011,
      author         = "Mühlhaus, T. and Weiss, J. and Hemme, D. and Sommer, F. and Schroda, M.",
      title          = "{Quantitative shotgun proteomics using a uniform $^15$N-labeled standard to monitor proteome dynamics in time course experiments reveals new insights into the heat stress response of \emph{Chlamydomonas reinhardtii}}",
      journal        = "Mol. Cell. Proteomics",
      volume         = " 10(9)",
      pages          = "",
      doi            = "10.1074/mcp.M110.004739–27",
      year           = "2011",
}
 
@article{Hemme2014,
      author         = "Hemme, D. and Veyel, D. and Mühlhaus, T. and Sommer, F. and Jüppner, J. and Unger, A.-K. and Sandmann, M. and Fehrle, I. and Schönfelder, S. and Steup, M. and Geimer, S. and Kopka, J. and Giavalisco, P. and Schroda, M.",
      title          = "{Systems-wide analysis of acclimation responses to long-term heat stress and recovery in the photosynthetic model organism \emph{Chlamydomonas reinhardtii}}",
      journal        = "Plant Cell",
      volume         = "originally published online November 18, 2014",
      pages          = "",
      doi            = "10.1105/tpc.114.130997",
      year           = "2014",
}

@article{Schroda2000,
      author         = "Schroda, M. and Blöker, D. and Beck, C.F.",
      title          = "{The HSP70A promoter as a tool for the improved expression of transgenes in \emph{Chlamydomonas}}",
      journal        = "The Plant J.",
      volume         = "21(2)",
      pages          = "121-131",
      doi            = "",
      year           = "2000",
}

@article{Kropat1995,
      author         = "Kropat, J. and von Gromoff, E.D. and Müller, F.W. and Beck, C.F.",
      title          = "{Heat shock and light activation of a Chlamydomonas HSP70 gene are mediated by independent regulatory pathways}",
      journal        = "Mol. Gen. Genet.",
      volume         = "248",
      pages          = "727-734",
      doi            = "",
      year           = "1995",
}

@article{vonGromoff1989,
      author         = "von Gromoff, E.D. and Treier, U. and Beck, C.F.",
      title          = "{Three light-inducible heat shock genes of \emph{Chlamydomonas reinhardtii}}",
      journal        = "Molecular and Cellular Biology",
      volume         = "9(9)",
      pages          = "3911-3918",
      doi            = "",
      year           = "1989",
}

@article{vonGromoff2006,
      author         = "von Gromoff, E. and Schroda, M. and Oster, U. and Beck, C.F.",
      title          = "{Identification of a plastid response element that acts as an enhancer within the \emph{Chlamydomonas} HSP70A promoter}",
      journal        = "Nucleic Acids Research",
      volume         = "34(17)",
      pages          = "4767-4779",
      doi            = "10.1093/nar/gkl602",
      year           = "2006",
}

@article{vonGromoff2008,
      author         = "von Gromoff, E.D. and Alawady, A. and Meinecke, L. and Grimm, B. and Beck, C.F.",
      title          = "{Heme, a Plastid-Derived Regulator of Nuclear Gene Expression in \emph{Chlamydomonas}}",
      journal        = "The Plant Cell",
      volume         = "20",
      pages          = "552-567",
      doi            = "10.1105/tpc.107.054650",
      year           = "2008",
}

@article{Schroda1999,
      author         = "Schroda, M. and Vallon, O. and Wollman, F.-A. and Beck, C.F.",
      title          = "{A chloroplast-targeted heat shock protein 70 (HSP70) contributes to the photoprotection and repair of photosystem II during and after photoinhibition}",
      journal        = "The Plant Cell",
      volume         = "11",
      pages          = "1165–1178",
      doi            = "",
      year           = "1999",
}

@article{Kurata2001,
      author         = "Kurata, H. and El-Samad, H. and Yi, T. and Khammash, M. and Doyle, J.C.",
      title          = "{Feedback regulation of the heat shock response in E. coli}",
      journal        = "Proc. 40th IEEE Conf. Dec. Control",
      volume         = " ",
      pages          = "837–842",
      doi            = " ",
      year           = "2001",
}


@article{Peper1998,
      author         = "Peper, A. and Grimbergen, C.A. and Spaan, J.A. and Souren, J.E. and van Wijk, R.",
      title          = "{A mathematical model of the hsp70 regulation in the cell}",
      journal        = "Int. J. Hyperthermia",
      volume         = "14(1)",
      pages          = "97–124",
      doi            = " ",
      year           = "1998",
}


@article{Rieger2005,
      author         = "Rieger, T.R. and Morimoto, R.I. and Hatzimanikatis, V.",
      title          = "{Mathematical modeling of the eukaryotic heat-shock response: dynamics of the hsp70 promoter}",
      journal        = "Biophys. J.",
      volume         = "88(3)",
      pages          = "1646–1658",
      doi            = " ",
      year           = "2005",
}


@article{Srivastava2001,
      author         = "Srivastava, R. and Peterson, M.S. and Bentley, W.E.",
      title          = "{Stochastic kinetic analysis of the escherichia coli stress circuit using sigma(32)-targeted antisense}",
      journal        = "Biotechnol. Bioeng.",
      volume         = "75(1)",
      pages          = "120–129",
      doi            = " ",
      year           = "2001",
}


@article{Leach2012model,
      author         = "Leach, M.D. and Tyc, K.M. and Brown, A.J.P. and Klipp, E.",
      title          = "{Modelling the regulation of thermal adaptation in Candida albicans, a major fungal pathogen of humans}",
      journal        = "PLoS ONE",
      volume         = "7(3)",
      pages          = "e32467",
      doi            = " 10.1371/journal.pone.0032467",
      year           = "2012",
}


@article{Leach2012description,
      author         = "Leach, M.D. and Klipp, E. and Cowen, L.E. and Brown, A.J.P.",
      title          = "{Fungal Hsp90 - a biological transistor that tunes cellular outputs to thermal inputs}",
      journal        = "Nat. Rev. Microbiol.",
      volume         = "10(10)",
      pages          = "693-704",
      doi            = "10.1038/nrmicro2875",
      year           = "2012",
}


@article{Schroda2004,
      author         = "Schroda, M.",
      title          = "{The \emph{Chlamydomonas} genome reveals its secrets: chaperone genes and the potential roles of their gene products in the chloroplast}",
      journal        = "Photosynthesis Research",
      volume         = "82",
      pages          = "221–240",
      doi            = "",
      year           = "2004",
}


@article{Muller1992,
      author         = "Müller, F.W. and Igloi, G. L. and Beck, C.F.",
      title          = "{Structure of a gene encoding heat-shock protein HSP70 from the unicellular alga \emph{Chlamydomonas reinhardtii}}",
      journal        = "Gene",
      volume         = "111",
      pages          = "165-173",
      doi            = "",
      year           = "1992",
}


@article{Drzymalla1996,
      author         = "Drzymalla, C. and Schroda, M. and Beck, C.E.",
      title          = "{Light-inducible gene HSP70B encodes a chloroplast-localized heat shock protein in \emph{Chlamydomonas reinhardtii}}",
      journal        = "Plant MolecuIar Biology",
      volume         = "31",
      pages          = "1185-1194",
      doi            = "",
      year           = "1996",
}


@article{Wilmund2005,
      author         = "Willmund, F. and Schroda, M.",
      title          = "{Heat shock protein 90C is a bona fide Hsp90 that interacts with plastidic HSP70B in \emph{Chlamydomonas reinhardtii}}",
      journal        = "Plant Physiology",
      volume         = "138",
      pages          = "2310–2322",
      doi            = "10.1104/pp.105.063578",
      year           = "2005",
}


@article{Schulz-Raffelt2007,
      author         = "Schulz-Raffelt, M. and Lodha, M. and Schroda, M.",
      title          = "{Heat shock factor 1 is a key regulator of the stress response in \emph{Chlamydomonas}}",
      journal        = "The Plant J.",
      volume         = "52",
      pages          = "286–295",
      doi            = "10.1111/j.1365-313X.2007.03228.x",
      year           = "2007",
}


@article{Mittag2005,
      author         = "Mittag, M. and Kiaulehn, S. and Hirschie Johnson, Carl",
      title          = "{The Circadian Clock in \emph{Chlamydomonas reinhardtii}. What is it for? What is it similar to?}",
      journal        = "Plant Physiology",
      volume         = "137",
      pages          = "399-409",
      doi            = "10.1104/pp.104.052415",
      year           = "2005",
}


@article{Jacobshagen2001,
      author         = "Jacobshagen, S. and Whetstine, J.R. and Boling, J.M.",
      title          = "{Many but not all genes in \emph{Chlamydomonas reinhardtii} are regulated by the Circadian Clock}",
      journal        = "Plant biol.",
      volume         = "3",
      pages          = "592-597",
      doi            = "",
      year           = "2001",
}


@article{Sivery2015,
      author         = "Sivéry, A. and Courtade, E. and Thommen, Q.",
      title          = "{A minimal titration modelization of the mammalian dynamical heat shock response}",
      journal        = "eprint arXiv:1510.00135",
      volume         = "",
      pages          = "",
      doi            = "2015arXiv151000135A",
      year           = "2015",
}



@article {Matuszynska2016,
	author = {Matuszy{\'n}ska, A.B. and Heidari, S. and Jahns, P. and Ebenhöh, O.},
	title = {A mathematical model of non-photochemical quenching to study short-term light memory in plants},
	year = {2016},
	doi = {10.1101/044628},
	publisher = {Cold Spring Harbor Labs Journals},
	eprint = {http://biorxiv.org/content/early/2016/08/02/044628.full.pdf},
	journal = {bioRxiv}
}


@article{Schuster1988,
      author         = "Schuster, G. and Even, D. and Kloppstech, K. and Ohad, I.",
      title          = "{Evidence for protection by heat-shock proteins against photoinhibition during heat-shock}",
      journal        = "The EMBO Journal",
      volume         = "7(1)",
      pages          = "1-6",
      doi            = "",
      year           = "2016",
}


@article{Kropat2000,
      author         = "Kropat, J. and Oster, U. and Rüdiger, W. and Beck, C.F.",
      title          = "{Chloroplast signalling in the light induction of nuclear HSP70 genes requires the accumulation of chlorophyll precursors and their accessibility to cytoplasm/nucleus}",
      journal        = "The EMBO Journal",
      volume         = "7(1)",
      pages          = "1-6",
      doi            = "",
      year           = "2016",
}


@article{Strenkert2013,
      author         = "Strenkert, D. and Schmollinger, S. and Schroda, M.",
      title          = "{Heat shock factor 1 counteracts epigenetic silencin of nuclear transgenes in \emph{Chlamydomonas reinhardtii}}",
      journal        = "Nucleic Acids Research",
      volume         = "41(10)",
      pages          = "5273-5289",
      doi            = "10.1093/nar/gkt224",
      year           = "2013",
}


@article{Lodha2005,
      author         = "Lodha, M. and Schroda, M.",
      title          = "{Analysis of chromatin structure in the control regions of the \emph{Chlamydomonas} HSP70A and RBCS2 genes}",
      journal        = "Plant Molecular Biology",
      volume         = "59",
      pages          = "501-513",
      doi            = "10.1007/s11103-005-0450-0",
      year           = "2005",
}


@article{Vasileuskaya2005,
      author         = "Vasileuskaya, Z. and Oster, U. and Beck, C.F.",
      title          = "{Mg-Protoporphyrin IX and Heme control HEMA, the gene encoding the first specific step of tetrapyrrole biosynthesis, in \emph{Chlamydomonas reinhardtii}}",
      journal        = "Eukaryotic Cell",
      volume         = "4(10)",
      pages          = "1620-1628",
      doi            = "10.1128/EC.4.10.1620-1628.2005",
      year           = "2005",
}


@article{Pfau2011,
      author         = "Pfau, T. and Nils, C. and Ebenhöh, O.",
      title          = "{Systems approaches to modelling pathways and networks}",
      journal        = "Briefings in functional genomics",
      volume         = "10(5)",
      pages          = "266-279",
      doi            = "10.1093/bfgp/elr022",
      year           = "2011",
}


@article{Kobayashi2014,
      author         = "Kobayashi, Y. and Harada, N. and Nishimura, Y. and Saito, T. and Nakamura, M. and Fujiwara, T. and Kuroiwa, T. and Misumi, O.",
      title          = "{Algae sense exact temperatures: small heat shock proteins are expressed at the survival threshold temperature in \emph{Cyanidioschyzon merolae} and \emph{Chlamydomonas reinhardtii}}",
      journal        = "Genome Biol. Evol.",
      volume         = "6(10)",
      pages          = "2731–2740",
      doi            = "10.1093/gbe/evu216",
      year           = "2014",
}


@article{Lobell2011,
      author         = "Lobell, D.B. and Schlenker, W. and Costa-Roberts, J.",
      title          = "{Climate Trends and Global Crop Production Since 1980}",
      journal        = "Science",
      volume         = "333(6042)",
      pages          = "616-620",
      doi            = "10.1126/science.1204531",
      year           = "2011",
}


@article{Deryng2014,
      author         = "Deryng, D. and Conway, D. and Ramankutty, N. and Navin Price, J. and Warren, R.",
      title          = "{Global crop yield response to extreme heat stress under multiple climate change futures}",
      journal        = "Environ. Res. Lett.",
      volume         = "9",
      pages          = "034011",
      doi            = "10.1088/1748-9326/9/3/034011",
      year           = "2014",
}


@article{Kurepa2003,
      author         = "Kurepa, J. and Walker, J.M. and Smalle, J. and Gosink, M.M. and Davis, S.J. and Durham, T.L. and Sung, D.Y. and Vierstra, R.D.",
      title          = "{The small ubiquitin-like modifier (SUMO) protein modification system in Arabidopsis. Accumulation of SUMO1 and -2 conjugates is increased by stress.}",
      journal        = "J Biol Chem.",
      volume         = "278(9)",
      pages          = "6862-72",
      doi            = "10.1074/jbc.M209694200",
      year           = "2003",
}


@article{Sugio2009,
      author         = "Sugio, A. and Dreos, R. and Aparicio, F. and Maule, A.J.",
      title          = "{The cytosolic protein response as a subcomponent of the wider heat shock response in Arabidopsis}",
      journal        = "Plant Cell.",
      volume         = "21(2)",
      pages          = "642-54",
      doi            = "10.1105/tpc.108.062596",
      year           = "2009",
}


@article{Richter2010,
      author         = "Richter, K. and Haslbeck, M. and Buchner, J.",
      title          = "{The Heat Shock Response: Life on the Verge of Death}",
      journal        = "Molecular Cell",
      volume         = "40(2)",
      pages          = "253–266",
      doi            = "10.1016/j.molcel.2010.10.006",
      year           = "2010",
}


@article{Scharf2012,
      author         = "Scharf, K.-D. and Berberich, T. and Ebersberger, I. and Nover, L.",
      title          = "{The plant heat stress transcription factor (Hsf) family: Structure, function and evolution}",
      journal        = "Biochim Biophys Acta",
      volume         = "1819(2)",
      pages          = "104-19",
      doi            = "10.1016/j.bbagrm.2011.10.002",
      year           = "2012",
}


@article{Chew2014,
      author         = "Chew, Y.H. and Smith, R.W. and Jones, H.J. and Seaton, D.D. and Grima, R. and Halliday, K.J.",
      title          = "{Mathematical Models Light Up Plant Signaling}",
      journal        = "The Plant Cell",
      volume         = "26(1)",
      pages          = "5-20",
      doi            = "10.​1105/​tpc.​113.​120006",
      year           = "2014",
}


@article{Boorstein1994,
      author         = "Boorstein, W.R. and Ziegelhoffer, T. and Craig, E.A.",
      title          = "{Molecular evolution of the HSP70 multigene family.}",
      journal        = "J Mol Evol",
      volume         = "38(1)",
      pages          = "1-17",
      doi            = "10.1007/BF00175490",
      year           = "1994",
}


@article{Gupta1995,
      author         = "Gupta, R.S.",
      title          = "{Evolution of the chaperonin families (Hsp60, Hsp10, and Tcp-1) of proteins and the origin of eukaryotic cells}",
      journal        = "Mol Microbiol",
      volume         = "15",
      pages          = "1-11",
      doi            = "",
      year           = "1995",
}

@article{Verghesea2012,
      author         = "Verghesea, J. and Abramsa, J. and Wanga, Y. and Moranoa, K.A.",
      title          = "{Biology of the Heat Shock Response and Protein Chaperones: Budding Yeast (Saccharomyces cerevisiae) as a Model System}",
      journal        = "Microbiol. Mol. Biol. Rev.",
      volume         = "76(2)",
      pages          = "115-158",
      doi            = "10.1128/MMBR.05018-11",
      year           = "2012",
}

@article{Velichko2013,
      author         = "Velichko, A.K. and Markova, E.N. and Petrova, N.V. and Razin, S.V. and Kantidze, O.L.",
      title          = "{Mechanisms of heat shock response in mammals}",
      journal        = "Cell. Mol. Life Sci.",
      volume         = "70(22)",
      pages          = "4229-41",
      doi            = "10.1007/s00018-013-1348-7",
      year           = "2013",
}


@article{Rochaix1995,
      author         = "Rochaix, J.-D.",
      title          = "{Chlamydomonas reinhardtii as the photosynthetic yeast}",
      journal        = "Annu Rev Genet",
      volume         = "29",
      pages          = "209–230",
      doi            = "10.1146/annurev.ge.29.120195.001233",
      year           = "1995",
}


@article{Duby1999,
      author         = "Duby, F. and Matagne, R.F.",
      title          = "{Alteration of dark respiration and reduction of phototrophic growth in a mitochondrial DNA deletion mutant of Chlamydomonas lacking cob, nd4, and the 3' end of nd5}",
      journal        = "Plant Cell",
      volume         = "11(1)",
      pages          = "115-25",
      doi            = "10.​1105/​tpc.​11.​1.​115 ",
      year           = "1999",
}


@article{Craig1993,
      author         = "Craig, E.A. and Gambill, B.D. and Nelson R.J.",
      title          = "{Heat shock proteins: molecular chaperones of protein biogenesis}",
      journal        = "Microbiol Rev",
      volume         = "57(2)",
      pages          = "402-14",
      doi            = "",
      year           = "1993",
}


@article{Lindquist1988,
      author         = "Lindquist, S. and Craig, E.A.",
      title          = "{The Heat-Shock Proteins}",
      journal        = "Annual Review of Genetics",
      volume         = "22",
      pages          = "631-677",
      doi            = "10.1146/annurev.ge.22.120188.003215",
      year           = "1988",
}


@article{Matuszynska2015,
      author         = "Matuszyńska, A.B. and Ebenhöh, O.",
      title          = "{A reductionist approach to model photosynthetic self-regulation in eukaryotes in response to light}",
      journal        = "Biochem. Soc. Trans.",
      volume         = "43(6) ",
      pages          = "1133-1139",
      doi            = "10.1042/BST20150136",
      year           = "2015",
}


@article{Karaman2008,
      author         = "Karaman, M.W. and Herrgard, S. and Treiber, D.K. and Gallant, P. and Atteridge, C.E. and Campbell, B.T. and Chan, K.W. and Ciceri, P. and Davis, M.I. and Edeen, P.T. et al.",
      title          = "{A quantitative analysis of kinase inhibitor selectivity}",
      journal        = "Nat. Biotechnol.",
      volume         = "26",
      pages          = "127 - 132",
      doi            = "10.1038/nbt1358",
      year           = "2008",
}


@article{Roe1999,
      author         = "Roe, S.M. and Prodromou, C. and O'Brien, R. and Ladbury, J.E. and Piper, P.W. and Pearl, L.H.",
      title          = "{Structural basis for inhibition of the Hsp90 molecular chaperone by the antitumor antibiotics radicicol and geldanamycin}",
      journal        = "J Med Chem",
      volume         = "42(2)",
      pages          = "260-6",
      doi            = "10.1021/jm980403y",
      year           = "1999",
}


@article{Bischof2006,
      author         = "Bischof, J.C. and He, X.",
      title          = "{Thermal Stability of Proteins}",
      journal        = "Annals of the New York Academy of Sciences",
      volume         = "1066(1)",
      pages          = "12-33",
      doi            = "10.1196/annals.1363.003",
      year           = "2006",
}


@article{He2003,
      author         = "He, X. and Bischof, J.C.",
      title          = "{Quantification of temperature and injury response in thermal therapy and cryosurgery.}",
      journal        = "Crit Rev Biomed Eng.",
      volume         = "31(5-6)",
      pages          = "355-422",
      doi            = "",
      year           = "2003",
}


@article{Fonseca2012,
      author         = "Fonseca, L.L. and Chen, P.-W. and Voit, E.O.",
      title          = "{Canonical Modeling of the Multi-Scale Regulation of the Heat Stress Response in Yeast.}",
      journal        = "Metabolites ",
      volume         = "2.1",
      pages          = "221–241",
      doi            = "doi:10.3390/metabo2010221",
      year           = "2012",
}


@article{Milo2010,
      author         = "Milo, R. and Jorgensen, P. and Moran, U. and Weber, G. and Springer, M.",
      title          = "{BioNumbers--the database of key numbers in molecular and cell biology.}",
      journal        = "Nucl. Acids Res. ",
      volume         = "38 (suppl 1)",
      pages          = "D750-D753",
      doi            = "doi:10.1093/nar/gkp889",
      year           = "2010",
}



